@book {ati67,
  AUTHOR = {Atiyah, M. F.},
  TITLE = {{$K$}-theory},
  SERIES = {Lecture notes by D. W. Anderson},
  PUBLISHER = {W. A. Benjamin, Inc., New York-Amsterdam},
  YEAR = {1967},
  PAGES = {v+166+xlix},
  MRCLASS = {55.30 (57.00)},
  MRNUMBER = {0224083},
}

@book {bre97,
  AUTHOR = {Bredon, Glen E.},
  TITLE = {Topology and geometry},
  SERIES = {Graduate Texts in Mathematics},
  VOLUME = {139},
  NOTE = {Corrected third printing of the 1993 original},
  PUBLISHER = {Springer-Verlag, New York},
  YEAR = {1997},
  PAGES = {xiv+557},
  ISBN = {0-387-97926-3},
  MRCLASS = {55-01 (54-01 57-01)},
  MRNUMBER = {1700700},
}

@book{hat03,
  author = {Hatcher, A.},
  note = {\url{http://www.math.cornell.edu/~hatcher}},
  title = {Vector Bundles and K-Theory},
  year = 2003
}

